/Users/mhenryde/Dropbox/Work/bibliography/library_fixed.bib